@misc{19Shorten,
  title = {Introduction to ResNets},
  author = {Shorten, Connor},
  year = {2019},
  url = {https://towardsdatascience.com/introduction-to-resnets-c0a830a288a4},
  note = {Accessed: April 10th, 2023}
}

@misc{19Surtsukov,
  title = {Neural Ordinary Differential Equations},
  author = {Surtsukov, Mikhail},
  year = {2019},
  url = {https://msurtsukov.github.io/Neural-ODE/},
  note = {Accessed: April 15th, 2023}
}

@misc{19Stoyanov,
  title = {Optimizing Hyperparameters for MNIST Dataset in Javascript},
  author = {Stoyanov, Martin},
  year = {2019},
  url = {https://shorturl.at/ctJX0},
  note = {Accessed: April 20th, 2023}
}

@misc{23AI,
  title = {PyTorch Documentation},
  author = {Meta AI},
  year = {2023},
  url = {https://pytorch.org/docs/stable/index.html},
  note = {Accessed: April 20th, 2023}
}

@article{20Finlay,
  author          = {Finlay, Chris and Jacobsen, Jorn-Henrik and Nurbekyan, Levon and Oberman, Adam M},
  title           = {How To Train Your Neural ODE},
  publisher       = {University of California, Los Angeles},
  year            = {2020}
}


@inproceedings{15He,
  author          = {He, Kaiming and Zhang, Xiangyu and Ren, Shaoqing and Sun, Jian},
  title           = {Deep Residual Learning for Image Recognition},
  publisher       = {IEEE},
  pages           = {770--778},
  year            = {2015}
}

@article{23Walther,
  author          = {Walther, Dominik and Viehweg, Johannes and Haueisen, Jens and Mader, Patrick},
  journal         = {Frontiers in Neuroinformatics},
  title           = {A systematic comparison of deep learning methods for EEG time series analysis},
  volume          = {17},
  year            = {2023}
}

@inproceedings{19Dupont,
  author          = {Dupont, Emilien and Doucet, Arnaud and Teh, W Yee},
  journal         = {Advances in Neural Information Processing Systems},
  number          = {32},
  title           = {Augmented Neural ODEs},
  year            = {2019}
}



